<?xml version="1.0" encoding="UTF-8"?><collection xmlns="http://www.loc.gov/MARC21/slim"><record><leader>00357nam--2200133-i-4500</leader><controlfield tag="001">000027317</controlfield><controlfield tag="002">20161230</controlfield><controlfield tag="005">20161230201036</controlfield><controlfield tag="008">060222s1000------------r-----000-0-eng-d</controlfield><datafield ind1=" " ind2=" " tag="100"><subfield code="a">Kopfermann, Hans</subfield></datafield><datafield ind1=" " ind2=" " tag="245"><subfield code="a">Kernmomente</subfield></datafield><datafield ind1=" " ind2=" " tag="260"><subfield code="a">Leipzig, Akad.Verl., 1940. Xvi + 270p</subfield></datafield><datafield ind1=" " ind2=" " tag="490"><subfield code="a">Ph.Und Chemie Und Ihre Anwendungen In Eizeldarstellungen</subfield></datafield><datafield ind1=" " ind2=" " tag="852"><subfield code="a">600</subfield></datafield></record></collection>